@online{lido,
	title = {08-11-2022},
	date = {LiDO3},
	url = {https://www.lido.tu-dortmund.de/cms/de/LiDO3/LiDO3_first_contact_handout.pdf},
}

@inproceedings{Hudson2013CreatureGU,
	title={Creature Generation using Genetic Algorithms and Auto-Rigging},
	author={Jonathan A. Hudson},
	year={2013}
}

@inproceedings{Janno20182dCG,
	title={Procedural Generation of 2D Creatures},
	author={Madis Janno},
	year={2018}
}

@Book{Shaker2016,
  author    = {Noor Shaker and Julian Togelius and Mark J. Nelson},
  date      = {2016},
  title     = {Procedural Content Generation in Games},
  doi       = {10.1007/978-3-319-42716-4},
  publisher = {Springer International Publishing},
}

@Comment{jabref-meta: databaseType:biblatex;}
